@inproceedings{Stevens:2012,
	author = {Stevens, Keith and Kegelmeyer, Philip and Andrzejewski, David and Buttler, David},
	title = {Exploring Topic Coherence over Many Models and Many Topics},
	booktitle = {Proceedings of the 2012 Joint Conference on Empirical Methods in Natural Language Processing and Computational Natural Language Learning},
	series = {EMNLP-CoNLL '12},
	year = {2012},
	location = {Jeju Island, Korea},
	pages = {952--961},
	numpages = {10},
	url = {http://dl.acm.org/citation.cfm?id=2390948.2391052},
	acmid = {2391052},
	publisher = {Association for Computational Linguistics},
	address = {Stroudsburg, PA, USA},
} 

@inproceedings{schutze2008introduction,
	title={Introduction to Information Retrieval},
	author={Sch{\"u}tze, Hinrich},
	booktitle={Proceedings of the international communication of association for computing machinery conference},
	year={2008}
}
